@article{lawofeffect,
	author = "E. L. Thorndike",
	title = "Animal intelligence: An experimental study of the associative processes in animals",
	journal = "Psychological Review Monograph Supplement",
	number = "2",
	pages = "1--109",
	year = "1901"
}

@article{atari,
	author = "Volodymyr Mnih and Koray Kavukcuoglu and David Silver and Andrei Rusu and Joel Veness and Marc G. Bellemare and Alex Graves and Martin Riedmiller and Andreas K. Fidgeland and Georg Ostroski",
	title = "Human-level control through deep reinforcement learning",
	journal = "Nature",
	number = "518",
	pages = "529--533",
	year = "2015"
}

@article{credit,
	author = "Gregory Dam and Konrad Kording and Kunlin Wei",
	title = "Credit Assignment during Movement Reinforcement Learning",
	journal = "PLOS ONE",
	number = "8",
	issue = "2",
}
@article{curiosityrat,
	author = "D E Berlyne",
	title = "The arousal and satiation of perceptual curiosity in the rat",
	journal = "Journal of Comparative and Physiological Psychology",
	number = "48",
	issue = "4",
	pages = "238--246"
}
@article{ICM,
	author = "Deepak Pathak and Pulkit Agrawal and Alexei A. Efros and Trevor Darrell",
	title = "Curiosity-driven Exploration by Self-supervised Prediction",
	year = "2015",
}
@article{autoencoder,
	author = "C Y Liou, J C Huang and W C Huang",
	title = "Modelling word perception using the Elman network",
	journal = "Neurocomputing",
	number = "71",
	pages = "3150--3157",
	year = "2008"
}
