@misc{rnd,
Author = {Nikolay Savinov and Anton Raichuk and RaphaÃ«l Marinier and Damien Vincent and Marc Pollefeys and Timothy Lillicrap and Sylvain Gelly},
Title = {Episodic Curiosity through Reachability},
Year = {2018},
howpublished = {arXiv:1810.02274},
}
@article{operant_conditioning,
Author = {Edward Thorndike},
Title = {Animal intelligence: An experimental study of the associative processes in animals},
Journal = {Psychological Review Monograph Supplement},
Volume = {2},
Pages = {1-109},
Year={1901}
}
@misc{reward_hypothesis,
author = {Richard Sutton},
title = {The Reward Hypothesis},
url = {http://incompleteideas.net/rlai.cs.ualberta.ca/RLAI/rewardhypothesis.html},
year = {2019}
}
@misc{dqn,
Author = {Volodymyr Mnih and Koray Kavukcuoglu and David Silver and Alex Graves and Ioannis Antonoglou and Daan Wierstra and Martin Riedmiller},
Title = {Playing Atari with Deep Reinforcement Learning},
Year = {2013},
howpublished = {arXiv:1312.5602},
}
@misc{gae,
Author = {John Schulman and Philipp Moritz and Sergey Levine and Michael Jordan and Pieter Abbeel},
Title = {High-Dimensional Continuous Control Using Generalized Advantage Estimation},
Year = {2015},
howpublished = {arXiv:1506.02438},
}
@misc{ppo,
Author = {John Schulman and Filip Wolski and Prafulla Dhariwal and Alec Radford and Oleg Klimov},
Title = {Proximal Policy Optimization Algorithms},
Year = {2017},
howpublished = {arXiv:1707.06347},
}
@misc{novelty,
Author = {Joel Lehman and Kenneth Stanley},
Journal = {Evolutionary Computation},
Year = {2011},
Volume = {19},
Issue = {2},
Year = {2019},
Pages = {189-223},
Title = {Abandoning objectives: evolution through the search for novelty alone}
}
@misc{large-scale-study,
Author = {Yuri Burda and Harri Edwards and Deepak Pathak and Amos Storkey and Trevor Darrell and Alexei A. Efros},
Title = {Large-Scale Study of Curiosity-Driven Learning},
Year = {2018},
howpublished = {arXiv:1808.04355},
}
@misc{icm,
Author = {Deepak Pathak and Pulkit Agrawal and Alexei A. Efros and Trevor Darrell},
Title = {Curiosity-driven Exploration by Self-supervised Prediction},
Year = {2017},
howpublished = {arXiv:1705.05363},
}
@article{selective,
Author = {Steven Yantis},
Year = {2009},
Pages = {86-90},
Volume = {17},
Issue = {2},
Title = {The Neural Basis of Selective Attention
Cortical Sources and Targets of Attentional Modulation},
Journal = {Current Directions in Psychological Science}
}
@article{ale,
Author = {Marc G. Bellemare and Yavar Naddaf and Joel Veness and Michael Bowling},
Title = {The Arcade Learning Environment: An Evaluation Platform for General Agents},
Year = {2012},
howpublished = {arXiv:1207.4708},
Howpublished = {Journal of Artificial Intelligence Research 47, pages 253-279},
Doi = {10.1613/jair.3912},
}
@misc{ddqn,
Author = {Hado van Hasselt and Arthur Guez and David Silver},
Title = {Deep Reinforcement Learning with Double Q-learning},
Year = {2015},
howpublished = {arXiv:1509.06461},
}
@misc{rainbow,
Author = {Matteo Hessel and Joseph Modayil and Hado van Hasselt and Tom Schaul and Georg Ostrovski and Will Dabney and Dan Horgan and Bilal Piot and Mohammad Azar and David Silver},
Title = {Rainbow: Combining Improvements in Deep Reinforcement Learning},
Year = {2017},
howpublished = {arXiv:1710.02298},
}
@book{sdm,
Author = {Pentti Kanerva},
Year = {1988},
Title = {Sparse Distributed Memory},
Publisher = {The MIT Press}
}
@book{brain,
Author = {Yael Niv},
Title = {Reinforcement Learning in the Brain},
Year={2009},
Pages = {11-17}
}
@book{rl,
author={Richard Sutton and Andrew Barto},
Year={1998},
Title={Introduction to Reinforcement Learning, 1st Edition},
Publisher={MIT Press Cambridge, MA, USA},
ISBN = {0262193981}
}
